@ONLINE{Netmarketshare:2019,
    author  = {Netmarketshare},
    title   = {Operating system market share.},
    year    = {2019},
    url     = {https://netmarketshare.com/operating-system-market-share.aspx}
}

@REPORT{Raman:2012,
author  = {K. Raman},
title  = {Selecting Features to Classify Malware},
year  = {2012},
institution = {Adobe Systems Inc},
url ={http://2012.infosecsouthwest.com/files/speaker_materials/ISSW2012_Selecting_Features_to_Classify_Malware.pdf},
}